@Manual{R-base,
    title = {R: A Language and Environment for Statistical Computing},
    author = {{R Core Team}},
    organization = {R Foundation for Statistical Computing},
    address = {Vienna, Austria},
    year = {2021},
    url = {https://www.R-project.org/},
}
  
@Manual{R-bookdown,
  title = {bookdown: Authoring Books and Technical Documents with R Markdown},
  author = {Yihui Xie},
  year = {2017},
  note = {R package version 0.4.2},
  url = {https://github.com/rstudio/bookdown},
}
@Manual{R-knitr,
  title = {knitr: A General-Purpose Package for Dynamic Report Generation in R},
  author = {Yihui Xie},
  year = {2017},
  note = {R package version 1.17},
  url = {https://CRAN.R-project.org/package=knitr},
}
@Manual{R-rmarkdown,
  title = {rmarkdown: Dynamic Documents for R},
  author = {JJ Allaire and Joe Cheng and Yihui Xie and Jonathan McPherson and Winston Chang and Jeff Allen and Hadley Wickham and Aron Atkins and Rob Hyndman and Ruben Arslan},
  year = {2017},
  note = {R package version 1.6},
  url = {https://CRAN.R-project.org/package=rmarkdown},
}

@book{Harrison2021,
  author = {Harrison, Virginia and Kemp, Richard and Brace, Nicola and Snelgar, Rosemary},
  edition = {7th},
  editor = {Press, Red Globe},
  title = {{SPSS for Psychologists}},
  year = {2021}
}

@book{harris2020statistics,
  author = {Harris, J. K.},
  isbn = {9781506388151},
  publisher = {SAGE Publications},
  title = {{Statistics With R: Solving Problems Using Real-World Data}},
  url = {https://books.google.hu/books?id=MN1ByAEACAAJ},
  year = {2020}
}

@book{taveras2016r,
  author = {Taveras, J. L.},
  isbn = {9781500566357},
  publisher = {CreateSpace Independent Publishing Platform},
  title = {{R for Excel Users: An Introduction to R for Excel Analysts}},
  year = {2016}
}

@book{muenchen2010,
	title = {R for Stata Users},
	author = {{Muenchen}, {Robert A.} and {Hilbe}, {Joseph M.}},
	year = {2010},
	date = {2010},
	publisher = {Springer New York},
	doi = {10.1007/978-1-4419-1318-0},
	url = {http://dx.doi.org/10.1007/978-1-4419-1318-0}
}

